<?xml version="1.0" encoding="UTF-8"?><collection xmlns="http://www.loc.gov/MARC21/slim"><record><leader>00403nam--2200145-i-4500</leader><controlfield tag="001">000042857</controlfield><controlfield tag="002">20161230</controlfield><controlfield tag="005">20161230201043</controlfield><controlfield tag="008">060222s1000------------r-----000-0-eng-d</controlfield><datafield ind1=" " ind2=" " tag="080"><subfield code="a">517.91=03.82(075.8)</subfield></datafield><datafield ind1=" " ind2=" " tag="100"><subfield code="a">Stepanov,V.V</subfield></datafield><datafield ind1=" " ind2=" " tag="245"><subfield code="a">Curs de ecuatii diferentiale. trad.din lb.rusa</subfield></datafield><datafield ind1=" " ind2=" " tag="260"><subfield code="a">Bucuresti, Ed.Tehnica, 1955. 547 P. + Erata</subfield></datafield><datafield ind1=" " ind2=" " tag="852"><subfield code="a">4501</subfield><subfield code="c">517.9</subfield></datafield><datafield ind1=" " ind2=" " tag="CAT"><subfield code="a">Sys</subfield><subfield code="c">20081030</subfield><subfield code="h">130217</subfield></datafield></record></collection>